@article{petkus2019and,
  title={Why and how zk-snark works: Definitive explanation},
  author={Petkus, Maksym},
  journal={arXiv preprint arXiv:1906.07221},
  year={2019}
}
@inproceedings{groth2016size,
  title={On the size of pairing-based non-interactive arguments},
  author={Groth, Jens},
  booktitle={Annual international conference on the theory and applications of cryptographic techniques},
  pages={305--326},
  year={2016},
  organization={Springer}
}
@inproceedings{bitansky2012extractable,
  title={From extractable collision resistance to succinct non-interactive arguments of knowledge, and back again},
  author={Bitansky, Nir and Canetti, Ran and Chiesa, Alessandro and Tromer, Eran},
  booktitle={Proceedings of the 3rd Innovations in Theoretical Computer Science Conference},
  pages={326--349},
  year={2012}
}
@inproceedings{danezis2014square,
  title={Square span programs with applications to succinct NIZK arguments},
  author={Danezis, George and Fournet, C{\'e}dric and Groth, Jens and Kohlweiss, Markulf},
  booktitle={International Conference on the Theory and Application of Cryptology and Information Security},
  pages={532--550},
  year={2014},
  organization={Springer}
}
@inproceedings{baghery2021another,
  title={Another look at extraction and randomization of Grothâ€™s zk-SNARK},
  author={Baghery, Karim and Kohlweiss, Markulf and Siim, Janno and Volkhov, Mikhail},
  booktitle={International Conference on Financial Cryptography and Data Security},
  pages={457--475},
  year={2021},
  organization={Springer}
}
@article{galbraith2008pairings,
  title={Pairings for cryptographers},
  author={Galbraith, Steven D and Paterson, Kenneth G and Smart, Nigel P},
  journal={Discrete Applied Mathematics},
  volume={156},
  number={16},
  pages={3113--3121},
  year={2008},
  publisher={Elsevier}
}